@book{forouzan2007cryptography,
  title={Cryptography \& Network Security},
  author={Forouzan, Behrouz A},
  year={2007},
  publisher={McGraw-Hill, Inc.}
}

@book{munir2010matematikadiskrit,
  title={Matematika Diskrit},
  author={Munir, Rinaldi},
  year={2010},
  publisher={Informatika Bandung}
}

@book{walpole1993probability,
  title={Probability and statistics for engineers and scientists},
  author={Walpole, Ronald E and Myers, Raymond H and Myers, Sharon L and Ye, Keying},
  volume={5},
  year={1993},
  publisher={Macmillan New York}
}

@article{shamir1979share,
  title={How to share a secret},
  author={Shamir, Adi},
  journal={Communications of the ACM},
  volume={22},
  number={11},
  pages={612--613},
  year={1979},
  publisher={ACM}
}

@article{ellison2000protecting,
  title={Protecting secret keys with personal entropy},
  author={Ellison, Carl and Hall, Chris and Milbert, Randy and Schneier, Bruce},
  journal={Future Generation Computer Systems},
  volume={16},
  number={4},
  pages={311--318},
  year={2000},
  publisher={Elsevier}
}

@book{norman2012introduction,
  title={Introduction to Linear Algebra for Science and Engineering},
  author={Norman, Daniel and Wolczuk, Dan},
  year={2012},
  publisher={Pearson}
}

@article{shannon1948mathematical,
  title={A mathematical theory of communication, bell System technical Journal 27: 379-423 and 623--656},
  author={Shannon, CE},
  journal={Mathematical Reviews (MathSciNet): MR10, 133e},
  year={1948}
}